@article{w3c_webdesign,
	title = {Web Design and Applications},
	url = {https://www.w3.org/standards/webdesign/},
	note = {[Online; access 12. 08. 2021]},
	author = {W3C},
	year = {2016},
}

@article{html_hypertext_markup_language,
	title = {HTML: HyperText Markup Language},
	url = {https://developer.mozilla.org/en-US/docs/Web/HTML},
	note = {[Online; access 11. 08. 2021]},
	author = {{MDN contributors}},
	year = {2021}
}

@article{css_cascading_style_sheets,
	title = {CSS: Cascading Style Sheets},
	url = {https://developer.mozilla.org/en-US/docs/Web/CSS},
	note = {[Online; access 11. 08. 2021]},
	author = {{MDN contributors}},
	year = {2021}
}

@article{what_is_javascript,
	title = {What is JavaScript},
	url = {https://developer.mozilla.org/en-US/docs/Learn/JavaScript/First_steps/What_is_JavaScript},
	note = {[Online; access 11. 08. 2021]},
	author = {{MDN contributors}},
	year = {year}
}

@article{webassembly,
	title = {WebAssembly},
	url = {https://developer.mozilla.org/en-US/docs/WebAssembly},
	note = {[Online; access 12. 08. 2021]},
	author = {{MDN contributors}},
	year = {2021},
}

@article{learn_sass,
	title = {Sass Basics},
	url = {https://sass-lang.com/guide},
	note = {[Online; access 11. 08. 2021]},
	author = {{Sass team}},
	year = {2021}
}

@article{less_overview,
	title = {Less Overview},
	url = {https://lesscss.org/},
	note = {[Online; access 11. 08. 2021]},
	author = {{Less team}},
	year = {2021}
}

@article{sass_vs_less,
	title = {Sass vs. Less},
	url = {https://css-tricks.com/sass-vs-less/},
	note = {[Online; access 11. 08. 2021]},
	author = {Chris Coyier},
	year = {2012},
}

@article{vue_guide,
	title = {Vue Guide},
	url = {https://vuejs.org/v2/guide/},
	note = {[Online; access 11. 08. 2021]},
	author = {{Vue contributors}},
	year = {2021},
}

@article{react,
	title = {React},
	url = {https://reactjs.org/},
	note = {[Online; access 11. 08. 2021]},
	author = {Facebook},
	year = {2021},
}

@article{vue_vs_react,
	title = {Vue vs. React},
	url = {https://www.monocubed.com/vue-vs-react/},
	note = {[Online; access 11. 08. 2021]},
	author = {Jigar Mistry},
	year = {2021},
}

@article{svelte_basics,
	title = {Svelte Basics},
	url = {https://svelte.dev/tutorial/basics},
	note = {[Online; access 11. 08. 2021]},
	author = {{Svelte contributors}},
	year = {2019},
}

@article{vue_vs_svelte,
	title = {Vue vs Svelte: Comparing Framework Internals},
	url = {https://www.vuemastery.com/blog/vue-vs-svelte-comparing-framework-internals/},
	note = {[Online; access 11. 08. 2021]},
	author = {Andy Li},
	year = {2021},
}

@article{bootstrap,
	author = {{Wikipedia contributors}},
	title = {Bootstrap (front-end framework) --- {Wikipedia}{,} The Free Encyclopedia},
	url = {https://en.wikipedia.org/wiki/Bootstrap_(front-end_framework)},
	note = {[Online; access 11. 08. 2021]},
	year = {2021},
}

@article{tailwindcss,
	author = {{TailwindCSS}},
	title = {TailwindCSS},
	url = {https://tailwindcss.com/},
	note = {[Online; access 11. 08. 2021]},
	author = {{TailwindCSS team}},
}

@article{tailwindcss_vs_bootstrap,
	title = {Tailwind CSS vs. Bootstrap: Which Is a Better Framework?},
	url = {https://www.makeuseof.com/tailwind-css-vs-bootstrap-which-is-a-better-framework/},
	note = {[Online; access 11. 08. 2021]},
	author = {Naincy Mourya},
	year = {2021},
}

@article{react_vs_angular,
	title = {React vs Angular: Which Is A Better JavaScript Framework?},
	url = {https://technostacks.com/blog/react-vs-angular},
	note = {[Online; access 12. 08. 2021]},
	author = {Technostacks},
	year = {2020},
}

@article{http,
	title = {HTTP},
	url = {https://developer.mozilla.org/en-US/docs/Web/HTTP},
	note = {[Online; access 13. 08. 2021]},
	author = {{MDN contributors}},
	year = {2021},
}

@article{java,
	author = {{Wikipedia contributors}},
	title = {Java (programming language) --- {Wikipedia}{,} The Free Encyclopedia},
	url = {https://en.wikipedia.org/wiki/Java_(programming_language)},
	note = {[Online; access 13. 08. 2021]},
	year = {2021}
}

@article{spring_framework_documentation_core,
	author = {Spring},
	title = {Spring Framework Documentation Core},
	url = {https://docs.spring.io/spring-framework/docs/current/reference/html/core.html},
	note = {[Online; access 14. 08. 2021]},
	year = {2021},
}

@article{spring_framework_documentaiton_web,
	author = {Spring},
	title = {Spring Framework Documentation Web},
	url = {https://docs.spring.io/spring-framework/docs/current/reference/html/web.html},
	note = {[Online; access 14. 08. 2021]},
	year = {2021},
}

@article{mvc,
	author = {{Wikipedia contributors}},
	title = {Model–view–controller},
	url = {Model-view-controller --- Wikipedie: Otevřená encyklopedie},
	note = {[Online; access 14. 08. 2021]},
	year = {2021},
}

@article{restfulapi,
	author = {restfulapi.net},
	title = {What is REST},
	url = {https://restfulapi.net/},
	note = {[Online; access 14. 08. 2021]},
	year = {2020},
}

@article{jakarta_ee,
	author = {{Wikipedia contributors}},
	title = {Jakarta EE --- {Wikipedia}{,} The Free Encyclopedia},
	year = {2021},
	url = {https://en.wikipedia.org/w/index.php?title=Jakarta_EE&oldid=1034427545},
	note = {[Online; accessed 15. 08. 2021]}
}

@article{java_ee_vs_spring,
    author = {Xperti},
	title = {Java EE vs. Spring: Which is more popular?},
	year = {2021},
	url = {https://xperti.io/blogs/java-ee-vs-spring/},
	note = {[Online; accessed 15. 08. 2021]},
}

@article{express_node_introduction,
	author = {{MDN contributors}},
	title = {Express/Node introduction},
	url = {https://developer.mozilla.org/en-US/docs/Learn/Server-side/Express_Nodejs/Introduction},
	note = {[Online; access 14. 08. 2021]},
	year = {2021},
}

@article{js_eventloop,
	author = {{MDN contributors}},
	title = {Concurrency model and the event loop},
	url = {https://developer.mozilla.org/en-US/docs/Web/JavaScript/EventLoop},
	year = {2021},
	note = {[Online; accessed 15. 08. 2021]},
}

@article{state_of_js_2020,
	author = {Nivo},
	title = {State Of JavaScript 2020},
	url = {https://2020.stateofjs.com/en-US/technologies/},
	note = {[Online; access 14. 08. 2021]},
	year = {2020},
}

@article{create_nextjs_app,
	author = {Vercel},
	title = {Create a Next.js App},
	url = {https://nextjs.org/learn/basics/create-nextjs-app},
	note = {[Online; access 14. 08. 2021]},
	year = {2021},
}

@article{nuxtjs,
	author = {{Nuxt.js contributors}},
	title = {Nuxt.js},
	url = {https://github.com/nuxt/nuxt.js},
	note = {[Online; access 14. 08. 2021]},
	year = {2021},
}

@article{php,
	author = {{Wikipedia contributors}},
	title = {PHP --- {Wikipedia}{,} The Free Encyclopedia},
	url = {https://en.wikipedia.org/wiki/PHP},
	note = {[Online; access 14. 08. 2021]},
	year = {2021},
}

@article{best_php_frameworks,
	author = {Sagar Bhatia},
	title = {Best PHP Frameworks for Web Development},
	url = {https://hackr.io/blog/best-php-frameworks},
	note = {[Online; access 14. 08. 2021]},
	year = {2021},
}

@article{proc_pouzivat_nette,
	author = {{Nette Foundation}},
	title = {Proč používat Nette},
	url = {https://doc.nette.org/cs/3.1/why-use-nette},
	note = {[Online; access 14. 08. 2021]},
	year = {2021},
}

@article{laravel_vs_symfony_in_2021,
	author = {{Asper Brothers}},
	title = {Laravel vs Symfony in 2021},
	url = {https://asperbrothers.com/blog/laravel-vs-symfony/},
	note = {[Online; access 14. 08. 2021]},
	year = {2019},
}

@article{asp_net,
	author = {Microsoft},
	title = {ASP.NET},
	url = {https://dotnet.microsoft.com/apps/aspnet},
	note = {[Online; access 15. 08. 2021]},
	year = {2021},
}

@article{blazor,
	author = {Microsoft},
	title = {Blazor},
	url = {https://dotnet.microsoft.com/apps/aspnet/web-apps/blazor},
	note = {[Online; access 15. 08. 2021]},
	year = {2021},
}

@article{what_is_seo,
	author = {{Thirt Door Media}},
	title = {What Is SEO / Search Engine Optimization?},
	url = {https://searchengineland.com/guide/what-is-seo},
	note = {[Online; access 15. 08. 2021]},
	year = {2021},
}